2559 3992
479 453 626 502 vrnrus.
966 455 1003 520 91

119 709 207 779 Alma,
227 729 321 771 serena
341 713 420 784 Dies,
443 731 508 790 quae
528 733 605 773 nunc
626 713 686 773 tim
707 715 790 787 clara,
812 716 969 792 hymenaeis

163 857 275 917 AEtheris
295 870 324 918 et
345 860 446 919 Terrae
466 863 598 937 pronuba
620 863 710 922 dulcis
731 864 809 933 ades,

120 1006 181 1064 Ros
199 1008 342 1084 lachrymis
364 1009 418 1068 heic
439 1019 524 1069 nocte
546 1013 603 1070 suis
624 1022 674 1071 tua
694 1012 794 1071 funera
814 1032 941 1073 moerens

161 1157 288 1231 Deflebit;
319 1179 387 1219 nam
409 1171 440 1220 tu
460 1180 530 1220 mox
551 1163 681 1234 moriere,
704 1163 782 1221 Dies.

117 1359 280 1420 Suaveolens
303 1362 393 1433 Rosa,
416 1380 482 1438 quae
503 1361 613 1420 tantum
635 1364 790 1439 imperiosa
811 1364 949 1439 superbis,

156 1511 270 1571 Lumina
291 1515 496 1590 praestringens
518 1523 601 1590 capta
622 1515 715 1572 nitore
735 1524 794 1586 tuo,

113 1659 176 1734 Jarn
195 1661 286 1719 defixa
305 1663 382 1738 jacet
402 1663 452 1719 tibi
473 1662 553 1720 radix
575 1662 630 1720 alta
652 1661 811 1738 sepulchro

152 1809 186 1867 Et
204 1831 265 1870 sors
287 1830 347 1869 una
367 1820 464 1869 manet
485 1821 521 1880 te,
544 1810 625 1871 Rosa
645 1811 895 1886 pulchra,—mori.

113 2033 250 2108 Dulcibus,
274 2037 303 2095 O
317 2035 377 2094 Ver
398 2036 489 2107 dulce,
511 2036 646 2112 horisque
666 2036 796 2111 rosisque
818 2034 920 2092 videris

150 2184 274 2256 Plenum,
297 2195 329 2242 ut
350 2184 456 2243 deliciis
477 2203 543 2242 arca
563 2183 667 2242 referta
688 2184 763 2253 suis;

111 2333 237 2394 interitus
259 2354 326 2393 mea
347 2353 430 2394 musa
451 2352 520 2394 suos
541 2334 639 2392 indicit
660 2333 765 2392 habere

147 2485 249 2543 Omnia
261 2494 399 2560 ;-tuque
420 2493 508 2553 tuam,
522 2483 590 2552 Ver,
612 2483 720 2558 patiere
741 2499 851 2540 necem.

113 2702 225 2765 Dulcior
246 2717 274 2765 at
289 2706 388 2766 Virtus
410 2708 514 2765 animae
534 2716 673 2766 constans
693 2716 800 2777 manet,
821 2716 853 2764 ut
873 2724 934 2764 non

146 2857 280 2915 Indurata
302 2855 391 2914 semei
411 2857 516 2913 robora
537 2854 680 2913 deficiunt.

108 3001 148 3074 Et,
168 3007 233 3065 licet
253 3008 284 3063 in
306 3007 461 3063 carbonem
483 3006 569 3076 orbis,
591 3023 735 3080 compage
757 3003 857 3074 soluti,

147 3150 299 3224 Corruerit,
313 3152 412 3212 Virtus
432 3154 478 3212 illa
500 3163 645 3230 superstes
666 3155 726 3211 erit.
