<?xml version="1.0" encoding="UTF-8"?>
<!DOCTYPE html PUBLIC "-//W3C//DTD XHTML 1.0 Transitional//EN"
    "http://www.w3.org/TR/xhtml1/DTD/xhtml1-transitional.dtd">
<html xmlns="http://www.w3.org/1999/xhtml" xml:lang="en" lang="en">
 <head>
  <title>
</title>
<meta http-equiv="Content-Type" content="text/html;charset=utf-8" />
  <meta name='ocr-system' content='tesseract 3.04.00' />
  <meta name='ocr-capabilities' content='ocr_page ocr_carea ocr_par ocr_line ocrx_word'/>
</head>
<body>
  <div class='ocr_page' id='page_1' title='image "./sertumshaksperi00shakgoog_0213.png"; bbox 0 0 2559 3992; ppageno 0'>
   <div class='ocr_carea' id='block_1_1' title="bbox 372 494 1053 565">
    <p class='ocr_par' dir='ltr' id='par_1_1' title="bbox 372 494 1053 565">
     <span class='ocr_line' id='line_1_1' title="bbox 372 494 1053 565; baseline -0.007 -18"><span class='ocrx_word' id='word_1_1' title='bbox 372 500 549 565; x_wconf 74' lang='lat' dir='ltr'>Jonnnm</span> <span class='ocrx_word' id='word_1_2' title='bbox 571 499 843 548; x_wconf 74' lang='lat' dir='ltr'>Pmnzrsnnun.</span> <span class='ocrx_word' id='word_1_3' title='bbox 995 494 1053 565; x_wconf 92' lang='lat'>197</span> 
     </span>
    </p>
   </div>
   <div class='ocr_carea' id='block_1_2' title="bbox 158 810 1003 1187">
    <p class='ocr_par' dir='ltr' id='par_1_2' title="bbox 158 810 1003 1187">
     <span class='ocr_line' id='line_1_2' title="bbox 158 810 872 889; baseline 0.004 -22"><span class='ocrx_word' id='word_1_4' title='bbox 158 810 266 869; x_wconf 83' lang='lat' dir='ltr'>Parvus</span> <span class='ocrx_word' id='word_1_5' title='bbox 287 811 421 883; x_wconf 90' lang='lat' dir='ltr'>Ioannes,</span> <span class='ocrx_word' id='word_1_6' title='bbox 442 812 520 872; x_wconf 89' lang='lat' dir='ltr'>solus</span> <span class='ocrx_word' id='word_1_7' title='bbox 542 831 608 871; x_wconf 91' lang='lat' dir='ltr'>cum</span> <span class='ocrx_word' id='word_1_8' title='bbox 629 823 719 871; x_wconf 88' lang='lat' dir='ltr'>matre</span> <span class='ocrx_word' id='word_1_9' title='bbox 739 812 872 889; x_wconf 89' lang='lat' dir='ltr'>placenti,</span> 
     </span>
     <span class='ocr_line' id='line_1_3' title="bbox 199 960 851 1037; baseline 0.005 -21"><span class='ocrx_word' id='word_1_10' title='bbox 199 960 256 1018; x_wconf 90' lang='lat' dir='ltr'>Pro</span> <span class='ocrx_word' id='word_1_11' title='bbox 276 977 357 1019; x_wconf 88' lang='lat' dir='ltr'>more</span> <span class='ocrx_word' id='word_1_12' title='bbox 378 962 497 1020; x_wconf 88' lang='lat' dir='ltr'>assuetis</span> <span class='ocrx_word' id='word_1_13' title='bbox 518 960 588 1018; x_wconf 91' lang='lat' dir='ltr'>dum</span> <span class='ocrx_word' id='word_1_14' title='bbox 610 961 746 1037; x_wconf 87' lang='lat' dir='ltr'>spatiatur</span> <span class='ocrx_word' id='word_1_15' title='bbox 767 961 851 1036; x_wconf 86' lang='lat' dir='ltr'>agris,</span> 
     </span>
     <span class='ocr_line' id='line_1_4' title="bbox 159 1107 1003 1187; baseline 0.004 -21"><span class='ocrx_word' id='word_1_16' title='bbox 159 1107 245 1167; x_wconf 73' lang='lat' dir='ltr'>Forte</span> <span class='ocrx_word' id='word_1_17' title='bbox 264 1127 368 1185; x_wconf 84' lang='lat' dir='ltr'>vagam</span> <span class='ocrx_word' id='word_1_18' title='bbox 389 1110 550 1186; x_wconf 87' lang='lat' dir='ltr'>speculatus</span> <span class='ocrx_word' id='word_1_19' title='bbox 571 1129 662 1182; x_wconf 88' lang='lat' dir='ltr'>avem,</span> <span class='ocrx_word' id='word_1_20' title='bbox 684 1129 786 1171; x_wconf 84' lang='lat' dir='ltr'>saxum</span> <span class='ocrx_word' id='word_1_21' title='bbox 807 1112 919 1187; x_wconf 84' lang='lat' dir='ltr'>arripit3</span> <span class='ocrx_word' id='word_1_22' title='bbox 948 1110 1003 1181; x_wconf 87' lang='lat' dir='ltr'>illa,</span> 
     </span>
    </p>
   </div>
   <div class='ocr_carea' id='block_1_3' title="bbox 201 1258 1044 1338">
    <p class='ocr_par' dir='ltr' id='par_1_3' title="bbox 201 1258 1044 1338">
     <span class='ocr_line' id='line_1_5' title="bbox 201 1258 1044 1338; baseline 0.005 -23"><span class='ocrx_word' id='word_1_23' title='bbox 201 1258 329 1318; x_wconf 89' lang='lat' dir='ltr'>“Heusl</span> <span class='ocrx_word' id='word_1_24' title='bbox 354 1259 442 1319; x_wconf 91' lang='lat' dir='ltr'>heusl</span> <span class='ocrx_word' id='word_1_25' title='bbox 466 1260 635 1332; x_wconf 87' lang='lat' dir='ltr'>abstineas,’&#39;</span> <span class='ocrx_word' id='word_1_26' title='bbox 659 1260 737 1331; x_wconf 86' lang='lat' dir='ltr'>dixit,</span> <span class='ocrx_word' id='word_1_27' title='bbox 760 1266 776 1291; x_wconf 92' lang='lat'><strong>“</strong></span> <span class='ocrx_word' id='word_1_28' title='bbox 787 1261 892 1338; x_wconf 91' lang='lat' dir='ltr'>inique,</span> <span class='ocrx_word' id='word_1_29' title='bbox 914 1259 1044 1319; x_wconf 87' lang='lat' dir='ltr'>manus.’&#39;</span> 
     </span>
    </p>
   </div>
   <div class='ocr_carea' id='block_1_4' title="bbox 157 1515 1001 2037">
    <p class='ocr_par' dir='ltr' id='par_1_4' title="bbox 158 1515 1001 1743">
     <span class='ocr_line' id='line_1_6' title="bbox 158 1515 1001 1595; baseline 0.005 -22"><span class='ocrx_word' id='word_1_30' title='bbox 158 1521 174 1546; x_wconf 90' lang='lat'><strong>“</strong></span> <span class='ocrx_word' id='word_1_31' title='bbox 189 1515 282 1574; x_wconf 88' lang='lat' dir='ltr'>Prohl</span> <span class='ocrx_word' id='word_1_32' title='bbox 310 1535 414 1594; x_wconf 88' lang='lat' dir='ltr'>pravos</span> <span class='ocrx_word' id='word_1_33' title='bbox 435 1535 530 1577; x_wconf 89' lang='lat' dir='ltr'>mores</span> <span class='ocrx_word' id='word_1_34' title='bbox 551 1522 723 1594; x_wconf 79' lang='lat' dir='ltr'>puerorum!</span> <span class='ocrx_word' id='word_1_35' title='bbox 751 1536 798 1576; x_wconf 91' lang='lat' dir='ltr'>me</span> <span class='ocrx_word' id='word_1_36' title='bbox 819 1519 912 1577; x_wconf 90' lang='lat' dir='ltr'>sinere</span> <span class='ocrx_word' id='word_1_37' title='bbox 933 1520 1001 1595; x_wconf 75' lang='lat' dir='ltr'>ergb</span> 
     </span>
     <span class='ocr_line' id='line_1_7' title="bbox 199 1664 836 1743; baseline 0.006 -21"><span class='ocrx_word' id='word_1_38' title='bbox 199 1664 244 1723; x_wconf 94' lang='lat' dir='ltr'>Te</span> <span class='ocrx_word' id='word_1_39' title='bbox 264 1664 371 1724; x_wconf 75' lang='lat' dir='ltr'>temere</span> <span class='ocrx_word' id='word_1_40' title='bbox 392 1666 501 1725; x_wconf 90' lang='lat' dir='ltr'>facinus</span> <span class='ocrx_word' id='word_1_41' title='bbox 522 1666 577 1725; x_wconf 87' lang='lat' dir='ltr'>tale</span> <span class='ocrx_word' id='word_1_42' title='bbox 597 1676 709 1743; x_wconf 87' lang='lat' dir='ltr'>patrare</span> <span class='ocrx_word' id='word_1_43' title='bbox 730 1669 836 1743; x_wconf 89' lang='lat' dir='ltr'>putas?</span> 
     </span>
    </p>

    <p class='ocr_par' dir='ltr' id='par_1_5' title="bbox 157 1812 965 2037">
     <span class='ocr_line' id='line_1_8' title="bbox 157 1812 939 1889; baseline 0.005 -20"><span class='ocrx_word' id='word_1_44' title='bbox 157 1812 246 1883; x_wconf 88' lang='lat' dir='ltr'>Pone,</span> <span class='ocrx_word' id='word_1_45' title='bbox 268 1812 344 1889; x_wconf 73' lang='lat' dir='ltr'>qubd</span> <span class='ocrx_word' id='word_1_46' title='bbox 365 1813 427 1889; x_wconf 91' lang='lat' dir='ltr'>ipse</span> <span class='ocrx_word' id='word_1_47' title='bbox 447 1812 533 1872; x_wconf 74' lang='lat' dir='ltr'>hodie</span> <span class='ocrx_word' id='word_1_48' title='bbox 553 1823 584 1872; x_wconf 93' lang='lat' dir='ltr'>tu</span> <span class='ocrx_word' id='word_1_49' title='bbox 605 1833 693 1889; x_wconf 87' lang='lat' dir='ltr'>parva</span> <span class='ocrx_word' id='word_1_50' title='bbox 713 1815 848 1873; x_wconf 89' lang='lat' dir='ltr'>rubecula</span> <span class='ocrx_word' id='word_1_51' title='bbox 868 1814 939 1886; x_wconf 86' lang='lat' dir='ltr'>fias;</span> 
     </span>
     <span class='ocr_line' id='line_1_9' title="bbox 197 1958 965 2037; baseline 0.003 -22"><span class='ocrx_word' id='word_1_52' title='bbox 197 1958 294 2034; x_wconf 89' lang='lat' dir='ltr'>Atque</span> <span class='ocrx_word' id='word_1_53' title='bbox 315 1976 371 2033; x_wconf 85' lang='lat' dir='ltr'>ego</span> <span class='ocrx_word' id='word_1_54' title='bbox 392 1968 420 2017; x_wconf 93' lang='lat' dir='ltr'>te</span> <span class='ocrx_word' id='word_1_55' title='bbox 442 1977 520 2031; x_wconf 83' lang='lat' dir='ltr'>saxo,</span> <span class='ocrx_word' id='word_1_56' title='bbox 542 1978 627 2035; x_wconf 90' lang='lat' dir='ltr'>pone,</span> <span class='ocrx_word' id='word_1_57' title='bbox 650 1960 727 2036; x_wconf 71' lang='lat' dir='ltr'>qudd</span> <span class='ocrx_word' id='word_1_58' title='bbox 748 1961 812 2036; x_wconf 89' lang='lat' dir='ltr'>ipsa</span> <span class='ocrx_word' id='word_1_59' title='bbox 831 1969 929 2037; x_wconf 88' lang='lat' dir='ltr'>petam</span> <span class='ocrx_word' id='word_1_60' title='bbox 940 1960 965 2017; x_wconf 88' lang='lat'>:&#39;&#39;</span> 
     </span>
    </p>
   </div>
   <div class='ocr_carea' id='block_1_5' title="bbox 157 2179 1053 2271">
    <p class='ocr_par' dir='ltr' id='par_1_6' title="bbox 157 2179 1053 2271">
     <span class='ocr_line' id='line_1_10' title="bbox 157 2179 1053 2271; baseline 0.003 -22"><span class='ocrx_word' id='word_1_61' title='bbox 157 2197 173 2223; x_wconf 89' lang='lat'><strong>“</strong></span> <span class='ocrx_word' id='word_1_62' title='bbox 189 2192 264 2251; x_wconf 93' lang='lat' dir='ltr'>Rem</span> <span class='ocrx_word' id='word_1_63' title='bbox 278 2179 387 2253; x_wconf 80' lang='lat' dir='ltr'>tristem</span> <span class='ocrx_word' id='word_1_64' title='bbox 401 2213 465 2253; x_wconf 91' lang='lat' dir='ltr'>esse</span> <span class='ocrx_word' id='word_1_65' title='bbox 479 2194 567 2271; x_wconf 90' lang='lat' dir='ltr'>liquet</span> <span class='ocrx_word' id='word_1_66' title='bbox 581 2194 666 2271; x_wconf 76' lang='lat' dir='ltr'>plane</span> <span class='ocrx_word' id='word_1_67' title='bbox 674 2214 682 2266; x_wconf 92' lang='lat'>;</span> <span class='ocrx_word' id='word_1_68' title='bbox 705 2214 766 2253; x_wconf 89' lang='lat' dir='ltr'>rem</span> <span class='ocrx_word' id='word_1_69' title='bbox 787 2194 905 2270; x_wconf 79' lang='lat' dir='ltr'>prorsus</span> <span class='ocrx_word' id='word_1_70' title='bbox 925 2197 1053 2271; x_wconf 88' lang='lat' dir='ltr'>ineptam</span> 
     </span>
    </p>
   </div>
   <div class='ocr_carea' id='block_1_6' title="bbox 157 2340 1054 2567">
    <p class='ocr_par' dir='ltr' id='par_1_7' title="bbox 157 2340 1054 2567">
     <span class='ocr_line' id='line_1_11' title="bbox 199 2340 964 2416; baseline 0.004 -18"><span class='ocrx_word' id='word_1_71' title='bbox 199 2340 337 2416; x_wconf 67' lang='lat' dir='ltr'>Insuper;</span> <span class='ocrx_word' id='word_1_72' title='bbox 370 2342 461 2399; x_wconf 90' lang='lat' dir='ltr'>immo</span> <span class='ocrx_word' id='word_1_73' title='bbox 481 2351 510 2400; x_wconf 89' lang='lat' dir='ltr'>et</span> <span class='ocrx_word' id='word_1_74' title='bbox 530 2350 611 2399; x_wconf 86' lang='lat' dir='ltr'>atrox</span> <span class='ocrx_word' id='word_1_75' title='bbox 632 2360 705 2413; x_wconf 90' lang='lat' dir='ltr'>esse,</span> <span class='ocrx_word' id='word_1_76' title='bbox 726 2342 852 2413; x_wconf 90' lang='lat' dir='ltr'>videsne,</span> <span class='ocrx_word' id='word_1_77' title='bbox 874 2342 964 2414; x_wconf 86' lang='lat' dir='ltr'>nefas,</span> 
     </span>
     <span class='ocr_line' id='line_1_12' title="bbox 157 2484 1054 2567; baseline 0.003 -18"><span class='ocrx_word' id='word_1_78' title='bbox 157 2490 277 2549; x_wconf 88' lang='lat' dir='ltr'>Caedere</span> <span class='ocrx_word' id='word_1_79' title='bbox 291 2490 389 2549; x_wconf 87' lang='lat' dir='ltr'>fraude</span> <span class='ocrx_word' id='word_1_80' title='bbox 403 2488 479 2548; x_wconf 71' lang='lat' dir='ltr'>maid</span> <span class='ocrx_word' id='word_1_81' title='bbox 492 2484 618 2566; x_wconf 85' lang='lat' dir='ltr'>parvam,</span> <span class='ocrx_word' id='word_1_82' title='bbox 633 2491 854 2567; x_wconf 88' lang='lat' dir='ltr'>innocuamque,</span> <span class='ocrx_word' id='word_1_83' title='bbox 865 2501 894 2550; x_wconf 91' lang='lat' dir='ltr'>et</span> <span class='ocrx_word' id='word_1_84' title='bbox 907 2493 1054 2564; x_wconf 88' lang='lat' dir='ltr'>inermem,</span> 
     </span>
    </p>
   </div>
   <div class='ocr_carea' id='block_1_7' title="bbox 197 2636 910 2716">
    <p class='ocr_par' dir='ltr' id='par_1_8' title="bbox 197 2636 910 2716">
     <span class='ocr_line' id='line_1_13' title="bbox 197 2636 910 2716; baseline 0.001 -19"><span class='ocrx_word' id='word_1_85' title='bbox 197 2640 235 2698; x_wconf 95' lang='lat' dir='ltr'>Et</span> <span class='ocrx_word' id='word_1_86' title='bbox 256 2658 321 2716; x_wconf 88' lang='lat' dir='ltr'>quae</span> <span class='ocrx_word' id='word_1_87' title='bbox 342 2649 369 2697; x_wconf 90' lang='lat' dir='ltr'>te</span> <span class='ocrx_word' id='word_1_88' title='bbox 390 2636 547 2716; x_wconf 71' lang='lat' dir='ltr'>nunqudm‚</span> <span class='ocrx_word' id='word_1_89' title='bbox 569 2639 648 2709; x_wconf 88' lang='lat' dir='ltr'>dure,</span> <span class='ocrx_word' id='word_1_90' title='bbox 670 2639 779 2710; x_wconf 90' lang='lat' dir='ltr'>cecidit,</span> <span class='ocrx_word' id='word_1_91' title='bbox 801 2641 910 2698; x_wconf 89' lang='lat' dir='ltr'>avem.&#39;&#39;</span> 
     </span>
    </p>
   </div>
   <div class='ocr_carea' id='block_1_8' title="bbox 156 2870 1053 3249">
    <p class='ocr_par' dir='ltr' id='par_1_9' title="bbox 156 2870 1053 3249">
     <span class='ocr_line' id='line_1_14' title="bbox 156 2870 978 2948; baseline -0.002 -16"><span class='ocrx_word' id='word_1_92' title='bbox 156 2874 299 2933; x_wconf 91' lang='lat' dir='ltr'>Delictum</span> <span class='ocrx_word' id='word_1_93' title='bbox 321 2873 471 2933; x_wconf 90' lang='lat' dir='ltr'>admisisse</span> <span class='ocrx_word' id='word_1_94' title='bbox 492 2871 602 2943; x_wconf 88' lang='lat' dir='ltr'>dolens,</span> <span class='ocrx_word' id='word_1_95' title='bbox 623 2870 743 2929; x_wconf 89' lang='lat' dir='ltr'>fundam</span> <span class='ocrx_word' id='word_1_96' title='bbox 763 2871 867 2948; x_wconf 89' lang='lat' dir='ltr'>abjicit,</span> <span class='ocrx_word' id='word_1_97' title='bbox 889 2873 978 2931; x_wconf 87' lang='lat' dir='ltr'>etsie</span> 
     </span>
     <span class='ocr_line' id='line_1_15' title="bbox 196 3019 801 3097; baseline -0.008 -17"><span class='ocrx_word' id='word_1_98' title='bbox 196 3023 313 3082; x_wconf 88' lang='lat' dir='ltr'>Effusus</span> <span class='ocrx_word' id='word_1_99' title='bbox 335 3022 427 3082; x_wconf 70' lang='lat' dir='ltr'>subitb</span> <span class='ocrx_word' id='word_1_100' title='bbox 447 3020 581 3097; x_wconf 84' lang='lat' dir='ltr'>parvulus</span> <span class='ocrx_word' id='word_1_101' title='bbox 602 3020 632 3077; x_wconf 95' lang='lat' dir='ltr'>in</span> <span class='ocrx_word' id='word_1_102' title='bbox 653 3019 801 3095; x_wconf 85' lang='lat' dir='ltr'>lacrymas,</span> 
     </span>
     <span class='ocr_line' id='line_1_16' title="bbox 157 3168 1053 3249; baseline -0.006 -17"><span class='ocrx_word' id='word_1_103' title='bbox 157 3179 173 3203; x_wconf 87' lang='lat'><strong>“</strong></span> <span class='ocrx_word' id='word_1_104' title='bbox 188 3173 301 3232; x_wconf 91' lang='lat' dir='ltr'>Dehinc</span> <span class='ocrx_word' id='word_1_105' title='bbox 323 3191 379 3249; x_wconf 86' lang='lat' dir='ltr'>ego</span> <span class='ocrx_word' id='word_1_106' title='bbox 400 3186 468 3242; x_wconf 89' lang='lat' dir='ltr'>non,</span> <span class='ocrx_word' id='word_1_107' title='bbox 488 3170 608 3230; x_wconf 90' lang='lat' dir='ltr'>nisime</span> <span class='ocrx_word' id='word_1_108' title='bbox 629 3170 708 3248; x_wconf 88' lang='lat' dir='ltr'>prior</span> <span class='ocrx_word' id='word_1_109' title='bbox 728 3169 775 3227; x_wconf 88' lang='lat' dir='ltr'>illa</span> <span class='ocrx_word' id='word_1_110' title='bbox 795 3168 939 3240; x_wconf 88' lang='lat' dir='ltr'>occiderit,</span> <span class='ocrx_word' id='word_1_111' title='bbox 959 3169 1053 3240; x_wconf 87' lang='lat' dir='ltr'>ullam,</span> 
     </span>
    </p>
   </div>
   <div class='ocr_carea' id='block_1_9' title="bbox 196 3316 954 3393">
    <p class='ocr_par' dir='ltr' id='par_1_10' title="bbox 196 3316 954 3393">
     <span class='ocr_line' id='line_1_17' title="bbox 196 3316 954 3393; baseline 0.003 -15"><span class='ocrx_word' id='word_1_112' title='bbox 196 3320 278 3393; x_wconf 88' lang='lat' dir='ltr'>Quot</span> <span class='ocrx_word' id='word_1_113' title='bbox 298 3319 424 3391; x_wconf 87' lang='lat' dir='ltr'>volitant,</span> <span class='ocrx_word' id='word_1_114' title='bbox 446 3319 537 3378; x_wconf 91' lang='lat' dir='ltr'>ausim</span> <span class='ocrx_word' id='word_1_115' title='bbox 558 3316 696 3388; x_wconf 85' lang='lat' dir='ltr'>caedere,&#39;’</span> <span class='ocrx_word' id='word_1_116' title='bbox 718 3316 796 3388; x_wconf 86' lang='lat' dir='ltr'>dixit,</span> <span class='ocrx_word' id='word_1_117' title='bbox 818 3317 954 3380; x_wconf 86' lang='lat' dir='ltr'>“avem.&#39;&#39;</span> 
     </span>
    </p>
   </div>
   <div class='ocr_carea' id='block_1_10' title="bbox 0 0 1284 3992">
    <p class='ocr_par' dir='ltr' id='par_1_11' title="bbox 0 0 1284 3992">
     <span class='ocr_line' id='line_1_18' title="bbox 0 0 1284 3992; baseline 0 0"><span class='ocrx_word' id='word_1_118' title='bbox 0 0 1284 3992; x_wconf 95' lang='lat' dir='ltr'> </span> 
     </span>
    </p>
   </div>
  </div>
 </body>
</html>
