2559 3992
489 498 646 547 nundin.

122 832 201 892 Dicat
221 832 293 893 forte
315 832 425 908 aliquis,
446 848 535 890 canus
556 849 608 889 sua
628 834 828 907 temporg—“
839 850 904 891 sese

160 989 175 1013 “
190 982 272 1062 Saepe
293 999 371 1040 novo
392 981 476 1039 nobis
497 979 599 1039 obtulit
619 979 666 1038 ille
687 980 742 1051 die,

126 1138 141 1161 “
153 1131 284 1190 Passibus
307 1129 430 1188 assiduis
451 1127 603 1203 detergens
623 1145 727 1199 rorem,
749 1136 780 1186 ut
800 1128 930 1204 apricum

160 1281 224 1337 “In
243 1281 318 1339 clivo
339 1280 491 1355 exciperet,
513 1278 573 1337 sole
593 1279 712 1349 oriente,
730 1278 823 1354 jubar.

126 1512 292 1589 “Tegmine
314 1514 369 1572 sub
389 1512 497 1588 patulo,
517 1512 628 1571 radices
649 1511 733 1588 fagus
754 1512 784 1569 in
803 1510 892 1569 altum
970 1570 973 1576 ,

161 1667 176 1692 “
190 1660 263 1733 Qun,
285 1662 393 1719 viden?
414 1660 551 1719 informes
572 1662 655 1736 erigit
674 1661 721 1719 illa
741 1661 812 1732 s010‚

125 1816 138 1839 “
151 1813 196 1870 Ad
214 1814 340 1871 mediam
362 1830 414 1870 sua
434 1812 564 1870 membra
585 1810 662 1870 diem
683 1818 849 1887 prostratus,
871 1810 1005 1870 inaures

161 1966 174 1991 “
189 1960 312 2019 Haurire
333 1960 467 2018 undantis
487 1977 616 2017 murmur
636 1959 752 2018 amabat
772 1976 863 2035 aquae.

126 2191 215 2250 “Hoc
236 2208 354 2269 quoque
374 2191 520 2261 lustrabat,
542 2208 594 2248 sua
615 2208 716 2249 secum
736 2191 808 2249 risor
828 2206 942 2248 amarus

159 2342 293 2400 “Nescio
313 2358 381 2416 quae
401 2349 532 2415 repetens
554 2340 675 2411 somnia,
697 2338 776 2415 saepe
795 2357 898 2398 nemus
909 2359 916 2410 ;

126 2490 186 2548 “Et
205 2492 292 2550 modb
313 2490 584 2565 languescens—ut
604 2488 750 2547 desolatus
770 2497 799 2546 et
819 2505 932 2564 exspes,

162 2637 287 2709 “Quem
309 2654 386 2707 cura,
408 2645 455 2694 aut
476 2635 602 2694 mendax
622 2634 812 2694 discruciabat
833 2652 922 2693 amor.

127 2866 287 2939 “Quodam
307 2884 393 2925 mane
414 2866 528 2937 aberat;
559 2864 663 2925 frustrd
683 2866 995 2942 quaesivimus—illum

162 3015 259 3074 “Non
281 3015 371 3086 collis,
393 3012 523 3086 saltuem,
546 3008 594 3072 aui
615 3031 668 3073 sua
688 3012 772 3089 fagus
792 3012 878 3073 habet
884 3032 892 3086 ;

127 3168 140 3192 “
153 3163 239 3223 Mane
250 3163 354 3223 iterdm
364 3173 408 3222 est
416 3182 424 3235 ;
446 3163 498 3222 sed
508 3180 568 3220 non
579 3163 617 3222 ad
628 3181 727 3240 aquas,
737 3162 788 3222 sed
799 3181 859 3222 non
873 3164 902 3221 in
916 3174 1016 3240 aperto

163 3319 176 3343 “
192 3314 251 3385 Ille,
273 3332 327 3372 nec
348 3314 378 3370 in
398 3312 483 3389 sylvis
504 3311 728 3388 conspiciendus
748 3321 823 3375 erat:

602 3548 647 3588 12
