2559 3992
90 794 219 869 AEtates,
245 798 394 873 inscripta
414 798 477 857 rudi
499 815 550 855 sua
564 788 691 856 'nomina
712 777 809 868 Musa,

136 948 199 1005 Pro
223 946 349 1005 tumido
371 946 470 1004 Famae
490 947 624 1015 carmine,
647 963 717 1003 saxa
737 944 864 1016 ferunt,

95 1096 133 1153 Et
156 1097 268 1154 divina
292 1096 360 1171 legit
380 1093 488 1153 circum
508 1103 678 1169 argumenta
699 1093 827 1164 colonus,

139 1246 246 1317 Queis
272 1263 391 1315 memor,
414 1253 499 1321 atque
517 1253 601 1322 aptus
622 1244 654 1302 fit
673 1242 768 1319 magis
789 1242 834 1301 ille
855 1244 936 1321 mori.

101 1479 304 1539 Obstrinxere
325 1478 449 1555 aliquem
471 1480 510 1537 sic
531 1489 611 1538 muta
631 1479 743 1549 oblivia,
765 1489 796 1537 ut
816 1479 889 1537 ultro

149 1598 287 1703 Liqueril
307 1626 369 1685 haec
391 1626 455 1685 vitae
474 1627 580 1701 gaudia
600 1628 686 1685 mista
705 1629 800 1685 metul

109 1775 188 1845 Nec,
213 1772 381 1851 peramoena
402 1774 501 1831 abiens
521 1772 575 1831 hic
596 1773 668 1845 luce,
689 1773 830 1833 reflexerit
850 1790 901 1832 ora

155 1925 253 1981 Anxia
273 1924 310 1982 ad
332 1932 501 1992 extremum,
522 1916 614 1980 lentus
636 1923 722 1993 abire,
742 1924 842 1999 jubari

116 2154 235 2213 Pectore
256 2154 364 2229 pendet
386 2154 546 2212 amansab
567 2163 664 2212 amato
685 2154 815 2229 spiritus;
845 2172 932 2212 unam

159 2300 279 2359 Lumina
299 2298 394 2357 adhuc
415 2300 569 2375 lacrymam
590 2309 683 2358 morte
704 2281 821 2375 gravala
841 2311 950 2376 petunt,

116 2447 201 2523 AEgra
222 2448 267 2505 vel
288 2447 305 2505 ὲ
326 2448 455 2505 claustris
476 2447 580 2506 clamat
601 2447 712 2506 Natura
733 2448 882 2525 sepulchri,

152 2597 190 2655 Et
210 2596 297 2655 solito
317 2612 471 2671 praegnans
491 2597 558 2671 igne
578 2596 671 2656 favilla
691 2597 771 2655 calet.

116 2828 228 2906 Tuque,
250 2829 412 2892 inhonorati
432 2830 533 2887 tumuli
553 2848 612 2888 non
633 2832 794 2901 immemor,
815 2831 919 2890 horum

153 2978 296 3038 Fortunas
317 2979 438 3038 humiles
460 2986 547 3057 quem
568 2980 707 3039 cecinisse
724 2981 813 3056 juvat,

115 3128 144 3186 Si
164 3129 229 3205 quis
249 3128 387 3203 religione
407 3128 463 3187 loci
483 3129 547 3203 pius
568 3127 679 3187 advena
699 3126 847 3205 quondam

152 3278 337 3349 Admonitus,
359 3278 462 3337 fuerint
482 3296 548 3356 quae
568 3287 617 3337 tua
637 3278 696 3337 fata
715 3287 818 3353 rogetz
901 3354 903 3362 Α

643 3519 656 3559 1
