2559 3992
120 803 196 861 Non
214 803 356 861 matutinae
376 798 473 860 rurshs
495 819 575 859 sacer
595 799 699 857 halitus
720 815 806 868 aurae,

161 953 224 1012 Nec
244 954 278 1013 de
299 951 454 1013 stramineo
476 950 599 1008 culmine
621 966 739 1006 carmen
760 947 827 1016 aviS,

118 1103 192 1161 Non
211 1103 269 1161 illos
290 1101 358 1178 galli
379 1107 487 1170 cantuS,
510 1116 604 1173 neque
624 1098 748 1163 buccina
769 1096 915 1172 clangens,

160 1250 323 1308 Suadebunt
344 1249 443 1307 humili
463 1248 561 1307 tollere
583 1248 715 1305 membra
734 1255 818 1305 toro:

116 1475 189 1533 Non
209 1478 285 1537 hilari
306 1477 416 1535 ardebit
437 1475 534 1535 rurssss
555 1476 638 1534 focus
660 1476 737 1551 igne,
759 1493 813 1532 nec
834 1474 888 1533 illis

157 1625 360 1702 Vespertinum
381 1644 454 1683 uxor
475 1624 573 1684 sedula
594 1633 691 1699 carpet
712 1642 803 1699 opus;

117 1773 180 1833 Nec
201 1777 326 1835 clamans
348 1774 464 1833 rediisse
485 1782 605 1849 patrem,
626 1782 689 1830 ruet
710 1772 811 1831 obvius
832 1771 929 1830 infans

156 1925 309 2002 Praeripere
331 1942 452 1983 ascenso
473 1923 553 1980 basia
574 1922 666 1997 prima
687 1939 773 1996 genu.

119 2156 213 2228 Qutm
234 2158 311 2233 saepb
331 2158 444 2215 illorum
465 2158 550 2216 cessit
571 2174 656 2232 seges
677 2174 763 2214 aurea
783 2155 857 2225 falci,

157 2307 236 2366 Dura
256 2308 362 2366 humus
382 2307 495 2364 illorum
515 2324 632 2364 vomere
653 2305 743 2364 fracta
762 2305 834 2363 fuiti

59 2520 71 2573 ,ἱ
119 2456 214 2528 Qutm
234 2460 300 2518 festi
320 2476 372 2535 per
393 2476 496 2535 agrum
518 2476 570 2517 sua
590 2457 718 2533 plaustra
738 2474 823 2532 egere
834 2474 841 2527 ;
873 2456 975 2515 valenti

155 2604 195 2665 Ut
214 2608 289 2665 victa
309 2578 444 2665 occubuit
464 2604 565 2663 caedua
587 2606 665 2681 sylva
685 2606 793 2662 manui

117 2834 182 2895 Non
203 2839 308 2897 horum
328 2838 458 2895 Ambitio
479 2846 575 2912 crepet
595 2836 750 2911 imperiosa
770 2835 891 2906 labores,

154 2986 211 3045 Aut
234 3004 414 3063 quaecunque
435 2986 549 3045 humilis
570 2985 676 3061 gaudia
697 2985 781 3043 sortis
802 2993 890 3054 erant,

118 3133 176 3195 Nec
197 3137 268 3195 levis
289 3136 410 3212 indigno
431 3143 597 3193 contemnat
619 3133 720 3192 Gloria
739 3134 798 3192 risu

116 3279 124 3355 ξ
154 3283 262 3343 Audire
282 3282 390 3358 ignotae
410 3278 549 3356 simplicia
569 3287 633 3338 acta
654 3295 738 3337 casae.
