2559 3992
428 487 491 535 ars
511 487 715 535 ronanam.
793 453 795 457 ’
963 468 1021 547 167

120 781 177 840 Est
198 798 273 839 nova
292 781 327 839 lis
349 780 458 841 Oculos
478 783 558 854 inter,
581 782 753 859 Nasumque
773 784 891 842 suborta
900 802 950 840 :-

174 933 280 1009 Optica
300 936 360 992 vael
388 942 475 992 tantae
495 932 562 992 fons
583 934 653 991 vitra
673 934 728 992 litis
748 943 837 992 erant.

125 1086 317 1158 Quaerebamr
337 1085 414 1144 enim
436 1082 494 1164 (res
514 1092 583 1141 nota
605 1093 649 1143 est
668 1082 815 1162 omnibus)
836 1085 892 1143 utri

167 1231 285 1293 Illorum
305 1234 368 1293 haec
388 1232 493 1291 fuerint
512 1233 636 1308 propria,
656 1232 719 1308 jure
740 1251 802 1291 suo.

128 1491 255 1551 Causam
275 1490 436 1577 causidicus
456 1490 571 1566 Lingua
584 1460 721 1568 ¹explicat,
743 1501 803 1550 arte
823 1491 968 1568 magistra,

169 1640 340 1699 Doctrinam
360 1638 433 1699 falsa
453 1639 768 1718 suppeditantecoma.

130 1790 204 1849 Sede
226 1788 278 1848 sui
298 1787 393 1865 Judex
414 1788 495 1846 sedet
515 1788 610 1859 Auris,
632 1788 765 1846 acumine
784 1788 864 1863 leges

171 1938 300 1995 Pendere
321 1952 381 2012 quo
401 1954 552 2013 nunquam
573 1936 674 1995 clarior
693 1937 762 1995 alter
783 1948 851 1995 erat.

126 2200 148 2224 '“
158 2194 209 2251 Est
225 2211 279 2269 pro
300 2190 478 2269 comperto,”
493 2190 608 2267 Lingua
628 2192 735 2281 incipit,
751 2197 804 2249 “et
818 2191 897 2262 mihi,
911 2192 1030 2262 PraeseS‚

172 2343 240 2420 Ipse
260 2339 448 2418 proculdubio
469 2341 571 2399 certior
590 2351 691 2399 auctor
711 2340 774 2411 eris,

132 2489 218 2561 Quod
232 2490 286 2547 sibi
300 2487 398 2546 Nasus
412 2487 498 2545 habet
512 2488 662 2565 proprium
676 2487 732 2546 hoc
746 2496 905 2563 gestamen,
920 2498 948 2547 et
962 2490 1030 2564 ergo

171 2636 366 2712 Temporibus
387 2633 471 2692 nullis
492 2652 553 2691 non
574 2633 709 2693 habuisse
729 2633 851 2710 potest.''

130 2894 328 2968 Exhibitisque
349 2891 434 2963 vitris,
456 2890 584 2969 “Ipsam
605 2890 753 2969 perpende
774 2891 905 2967 figuram,

170 3043 307 3103 Cruribus
328 3050 360 3100 ut
380 3039 466 3118 plana
486 3040 590 3099 varicet
610 3040 666 3110 illa,
687 3050 772 3112 nota;

130 3193 267 3253 Cruribus
288 3191 392 3269 aptatis
412 3189 486 3249 Nasi
506 3189 544 3248 ad
562 3190 640 3266 juga,
661 3189 763 3265 justior
783 3198 814 3247 ut
834 3208 895 3249 non

169 3343 265 3401 Possit
285 3340 352 3419 equi
372 3339 492 3399 dorsum
513 3339 652 3415 stringere
672 3338 742 3398 sella
763 3339 814 3397 sui.
